@article{JWaBS2007,
  title={Barycentric coordinates for convex sets},
  author={J. Warren and S. Schaefer and A. Hirani and M. Desbrun},
  journal={Adv. Comput. Math.},
  volume={27},
  pages={319--338},
  year={2007}
}

@article{JWaBP1996,
  title={Barycentric coordinates for convex polytopes},
  author={J. Warren},
  journal={Adv. Comput. Math.},
  volume={6},
  pages={97--108},
  year={1996}
}


@unpublished{CDeHC2022,
  title={The Harmonic GBC Function Map is a Bijection if the Target Domain is Convex},
  author={C. Deng and T. Hu and M. Lai},
  year={2022}
}

@article{TScBM2013,
  title={Bijective Composite Mean Value Mappings},
  author={T. Schneider},
  journal={Eurographics Symposium on Geometry Processing},
  volume={32},
  number = {5},
  year={2013}
}

@article{MFlIP2010,
  title={On the injectivity of Wachspress and mean value mappings between convex polygons},
  author={M. Floater and J. Kosinka},
  journal={Adv. Comput. Math.},
  volume={32},
  year={2010},
  pages={163--174}
}

@phdthesis{TScTM2017,
    title        = {Theory and Applications of Bijective Barycentric Mappings},
    author       = {T. Schneider},
    year         = {2017},
    month        = {June},
    type         = {PhD thesis}
}

@article{HKeMJ1971,
  title={Mappings with Non-Vanishing Jacobian},
  author={H. Kestelman},
  journal={The American Mathematical Monthly},
  volume={78},
  number={6},
  year={1971},
  pages={662--663}
}

@book{ABrIP1983,
  title     = {An Introduction to Convex Polytopes},
  author    = {A. Br{\o}ndsted},
  year      = {1983},
  publisher = {Springer}
}


